@book{rang.etal2012rdp,
  author = {Rang, H. P. and Dale, M. M. and Ritter, J. M. and Flower, R. J. and Henderson, G.},
  year = {2012},
  title = {Rang and {Dale's} Pharmacology},
  edition = {7},
  address = {Edinburgh},
  publisher = {Elsevier Churchill Livingstone}}
@book{ou1972em,
  author = {{Open University}},
  year = {1972},
  title = {Electricity and Magnetism},
  address = {Bletchley},
  publisher = {Open University Press}}
@book{rothman.etal2008me,
  editor = {Kenneth J. Rothman and Sander Greenland and Timothy L. Lash},
  year = {2008},
  title = {Modern Epidemiology},
  edition = {3},
  address = {Philadelphia, Pa.},
  publisher = {Lippincott Williams \& Wilkins}}
@book{oed1989,
  year = {1989},
  title = {Oxford {English} Dictionary},
  edition = {2},
  address = {Oxford},
  publisher = {Clarendon Press}}
@book{merckNDidx,
  title = {The {Merck} Index Online},
  titleaddon = {[Online]},
  address = {London},
  publisher = {RSC Publishing},
  url = {http://www.rsc.org/Merck-Index},
  urldate = {16/06/2016}}
@incollection{burchard1965hhl,
  author = {Burchard, J. E.},
  year = {1965},
  title = {How Humanists use a Library},
  editor = {C. F. J. Overhage and J. R. Harman},
  booktitle = {Intrex: report on a planning conference and information transfer experiments},
  address = {Cambridge, Mass.},
  publisher = {MIT Press},
  pages = {41-87}}
@incollection{reid1967ptp,
  author = {D. R. Reid},
  year = {1967},
  title = {Physical Testing of Polymer Films},
  editor = {S. H. Pinner},
  booktitle = {Modern Packaging Films},
  address = {London},
  publisher = {Butterworths},
  pages = {143-183}}
@book{haynes2014crc,
  editor = {Haynes, W. M.},
  year = {2014},
  title = {{CRC} Handbook of Chemistry and Physics},
  titleaddon = {[Online]},
  edition = {94},
  address = {Boca Raton, Fla.},
  publisher = {CRC Press/Taylor and Francis},
  url = {http://www.hbcpnetbase.com},
  urldate = {16/06/2016}}
@article{stieg1981cer,
  author = {Stieg, M. F.},
  year = {1981},
  title = {Continuing Education and the Reference Librarian in the Academic and Research Library},
  journal = {Library Journal},
  volume = {105},
  number ={22},
  pages = {2547-2551}}
@article{stieg1981inh,
  author = {Stieg, M. F.},
  year = {1981},
  title = {The Information Needs of Historians},
  journal = {College and Research Libraries},
  volume = {42},
  number ={6},
  pages = {549-560}}
@article{newman2010mcb,
  author = {Newman, R.},
  year = {2010},
  title = {Malaria control beyond 2010},
  journal = {Brit.\@ Med.\@ J.},
  volume = {341},
  number = {7765},
  pages = {157-208}}
@article{williams1997edd,
  author = {Williams, F.},
  year = {1997},
  title = {Electronic Document Delivery: a Trial in an Academic Library},
  journal = {Ariadne \textup{[Online]}},
  volume = {10},
  url = {http://www.ariadne.ac.uk/issue10/edd/},
  urldate = {05/12/1997}}
@online{holland2002gci,
  author = {Holland, M.},
  year = {2002},
  title = {Guide to Citing Internet Sources},
  titleaddon = {[Online]},
  address = {Poole},
  organization = {Bournemouth University},
  url = {http://www.bournemouth.ac.uk/library/using/guide_to_citing_internet_sourc.html},
  urldate = {04/11/2002}}
@online{wiltshire2015gww,
  author = {{Wiltshire Council}},
  year = {2015},
  title = {Get {Wiltshire} walking},
  titleaddon = {[Online]},
  address = {Trowbridge},
  organization = {Wiltshire Council},
  url = {http://www.wiltshire.gov.uk/leisureandrecreation/sportphysicalactivity/getwiltshirewalking.html},
  urldate = {19/08/2015}}
@inproceedings{crawford1965oim,
  author = {Crawford, G. I.},
  year = {1965},
  title = {Oxygen in Metals},
  editor = {J. M. A. Lenihan and S. J. Thompson},
  booktitle = {Activation Analysis: Proceedings of a {NATO} {Advanced} {Study} {Institute}},
  venue = {2--4 August 1964 Glasgow},
  address = {London},
  publisher = {Academic Press},
  pages = {113-118}}
@inproceedings{soper1972rbc,
  author = {Soper, D.},
  year = {1972},
  title = {Review of Bracken Control Experiments with Asulam},
  booktitle = {Proceedings of the 11th {British} {Weed} {Control} {Conference}},
  venue = {15--17 November 1972 Brighton},
  address = {Brighton},
  publisher = {University of Sussex},
  pages = {24-31}}
@article{haurant2004bbh,
  author = {Haurant, S.},
  year = {2004},
  title = {Britain's Borrowing Hits \pounds 1 Trillion},
  journal = {The Guardian},
  volume = {29 July},
  pages = {16c}}
@article{independent1992pub,
  author = {{The Independent}},
  year = {1992},
  title = {Picking Up the Bills},
  journal = {The Independent},
  volume = {4 June},
  pages = {28a}}
@mastersthesis{burrell1973ist,
  author = {Burrell, J. G.},
  year = {1973},
  title = {The Importance of School Tours in Education},
  type = {Thesis ({M.A.})},
  school = {Queen's University, Belfast}}
@techreport{unesco1993gip,
  author = {{UNESCO}},
  year = {1993},
  title = {General Information Programme and {UNISIST}},
  address = {Paris},
  institution = {UNESCO},
  number = {PGI-93/WS/22}}
@manual{bs5605:1990,
  author = {{BS 5605:1990}},
  title = {Recommendations for citing and referencing published material},
  organization = {BSI}}
@manual{pm1981opa,
  author = {{Phillipp Morris Inc.}},
  year = {1981},
  title = {Optical perforating apparatus and system},
  series = {European patent application},
  number = {0021165A1. 1981-01-07}}
@book{andrews.dury1773wilts,
  author = {Andrews, J. and Dury, A.},
  year = {1773},
  title = {Map of {Wiltshire}},
  series = {1 inch to 2 miles},
  address = {Devizes},
  publisher = {Wiltshire Record Society}}
@booklet{macbeth1948,
  year = {1948},
  title = {Macbeth},
  howpublished = {Film. Directed by Orson Welles},
  address = {USA},
  publisher = {Republic Pictures}}
@online{moran2016sol,
  author = {Moran, C.},
  year = {2016},
  title = {Save Our Libraries},
  titleaddon = {[Online]},
  url = {https://www.youtube.com/watch?v=gKTfCz4JtVE&feature=youtu.be},
  urldate = {29/04/2016}}
@booklet{rsfo2006ep5,
  year = {2006},
  title = {Rick {Stein's} {French} {Odyssey}: Episode 5},
  howpublished = {TV. BBC2, 23 August. 20.30 hrs}}
@booklet{archers20060823,
  year = {2006},
  title = {The {Archers}},
  howpublished = {Radio. BBC Radio 4, 23 August. 19.02 hrs}}
@book{beethoven1950symph1,
  author = {Ludwig van Beethoven},
  year = {1950},
  title = {Symphony no.1 in {C,} {Op.21}},
  address = {Harmondsworth},
  publisher = {Penguin}}
@article{clark2004euk,
  author = {Clark, T.},
  year = {05/07/2004},
  title = {A {European} {UK} {Libraries} {Plus}?},
  journal = {Lis-link \textup{[Online]}},
  url = {lis-link@jiscmail.ac.uk},
  urldate = {30/07/2004}}
@unpublished{alston2004sah,
  author = {Alston, S.},
  year = {19/07/2004},
  title = {Society of {Architectural} {Historians} of {GB}},
  note = {Email to K.M. Jordan}}
@techreport{shah.corrick2016hsc,
  author = {Shah, I. and Corrick, I.},
  year = {2016},
  title = {How should central banks respond to non-neutral inflation expectations?},
  address = {Bath},
  institution = {University of Bath},
  note = {\emph{OPUS} [Online]},
  url = {http://opus.bath.ac.uk},
  urldate = {04/05/2016}}
@book{aristotle2007ne,
  author = {Aristotle},
  year = {2007},
  title = {Nicomachean Ethics},
  titleaddon = {(W.D. Ross. Trans.)},
  address = {South Dakota},
  publisher = {NuVisions}}
@book{esquivel2003cap,
  author = {Esquivel, L.},
  year = {2003},
  title = {Como Agua para Chocolate},
  titleaddon = {[Like water for chocolate]},
  address = {Barcelona},
  publisher = {Debolsillo}}
@article{thurfjell1975vhv,
  author = {Thurfjell, W.},
  year = {1975},
  title = {Vart har våran doktor tagit vägen?},
  titleaddon = {[Where has our doctor gone?]},
  journal = {Läkartidningen},
  volume = {72},
  pages = {789}}
@article{hua1999qys1,
  author = {Linfu \noop{h}華林甫 Hua},
  year = {1999},
  title = {Qingdai yilai {Sanxia} diqu shuihan zaihai de chubu yanjiu
    {清代以來三峽地區水旱災害的初步硏}},
  titleaddon = {[A preliminary study of floods and droughts in the {Three} {Gorges} region since
    the {Qing} dynasty]},
  journal = {Zhongguo shehui kexue \textup{中國社會科學}},
  volume = {1},
  pages = {168-79}}
@article{hua1999qys2,
  author = {Hua, Linfu},
  year = {1999},
  title = {Qingdai yilai {Sanxia} diqu shuihan zaihai de chubu yanjiu},
  titleaddon = {[A preliminary study of floods and droughts in the {Three} {Gorges} region since
    the {Qing} dynasty]},
  journal = {Zhongguo shehui kexue},
  volume = {1},
  pages = {168-79}}
@techreport{gb.hc2003/04-30,
  author = {{Great Britain. Parliament. House of Commons}},
  year = {2004},
  title = {National {Savings} Investment Deposits: account 2002--2003},
  address = {London},
  publisher = {National Audit Office},
  type = {{HC}},
  number = {2003/04, 30}}
@techreport{gb.hl1986/87-66,
  author = {{Great Britain. Parliament. House of Lords}},
  year = {1987},
  title = {Social Fund ({Maternity} and {Funeral} {Expenses}) Bill},
  address = {London},
  publisher = {HMSO},
  type = {{HL}},
  number = {1986/87, (66)}}
@techreport{gb.bill1987/88-66,
  author = {{Great Britain. Parliament. House of Commons}},
  year = {1988},
  title = {Local Government Finance Bill},
  address = {London},
  publisher = {HMSO},
  type = {{Bills |}},
  number = {1987/88, 66}}
@book{gb.wa1735,
  key = {Witchcraft Act 1735},
  title = {Witchcraft {Act} 1735},
  titleaddon = {(9 Geo.2, c.5)}}
@book{gb.pa2014,
  key = {Pensions Act 2014},
  title = {Pensions {Act} 2014},
  number = {c.19},
  address = {London},
  publisher = {TSO}}
@techreport{gb.cm6041,
  author = {{Great Britain. Ministry of Defence}},
  year = {2004},
  title = {Delivering Security in a Changing World: defence White Paper},
  address = {London},
  publisher = {TSO},
  type = {{Cm.}},
  number = {6041}}
@book{gb.hmr2012,
  title = {The {Human} {Medicines} {Regulations} 2012},
  titleaddon = {[Online]},
  number = {No.1916},
  address = {United Kingdom},
  publisher = {HMSO},
  url = {http://www.legislation.gov.uk/uksi/2012/1916/pdfs/uksi_20121916_en.pdf},
  urldate = {17/04/2016}}
@unpublished{seldon-v-c.w.j2012,
  title = {Seldon v {Clarkson} {Wright} \& {Jakes}},
  note = {[2012]. UKSC 16}}
@techreport{ec2015gra,
  author = {{European Commission}},
  year = {2015},
  title = {General Report on the Activities of the {European} {Union} 2014},
  address = {Luxembourg},
  publisher = {Publications Office of the European Union}}
@misc{eu.dir2015/413,
  title = {Directive ({EU}) 2015/413 of the {European} {Parliament} and of the {Council} of
    11th {March} 2015 Facilitating Cross-Border Exchange of Information on Road-Safety-Related
    Traffic Offences},
  titleaddon = {[2015] \emph{OJ} L68/9}}
@unpublished{srl.etal-v-comm2005,
  title = {Alessandrini {Srl} and others v.~{Commission}},
  titleaddon = {(C-295/03 P) [2005] ECR I-5700}}
@online{bvd2008bt,
  author = {{Bureau van Dijk}},
  year = {2008},
  title = {{BT} {Group} PLC Company Report},
  series = {\emph{FAME} [Online]},
  address = {London},
  organization = {Bureau van Dijk},
  url = {http://www.portal.euromonitor.com},
  urldate = {06/11/2014}}
@online{wilson2013rgc,
  author = {Wilson, D.},
  year = {2013},
  title = {Real Geometry and Connectedness via Triangular Description: {CAD} Example Bank},
  titleaddon = {[Online]},
  address = {Bath},
  organization = {University of Bath},
  doi = {10.15125/BATH-00069},
  urldate = {20/04/2016}}
@online{screencasto,
  author = {@screencasto},
  title = {{Screencast-O-Matic}},
  titleaddon = {(v.2) [computer program]},
  url = {https://screencast-o-matic.com/},
  urldate = {16/05/2016}}
