@article{functioncloning,
 author = {Das, Dibyendu},
 title = {Optimizing Subroutines with Optional Parameters in F90 via Function Cloning},
 journal = {SIGPLAN Not.},
 issue_date = {August 2006},
 volume = {41},
 number = {8},
 month = aug,
 year = {2006},
 issn = {0362-1340},
 pages = {21--28},
 numpages = {8},
 url = {http://doi.acm.org/10.1145/1163566.1163573},
 doi = {10.1145/1163566.1163573},
 acmid = {1163573},
 publisher = {ACM},
 address = {New York, NY, USA},
 keywords = {compilers},
} 