@inproceedings{Multiple-Knapsacks,
 author = {Yu, Hai-Tao and Ren, Fuji},
 title = {Search Result Diversification via Filling Up Multiple Knapsacks},
 booktitle = {Proceedings of the 23rd ACM International Conference on Conference on Information and Knowledge Management},
 series = {CIKM '14},
 year = {2014},
 isbn = {978-1-4503-2598-1},
 location = {Shanghai, China},
 pages = {609--618},
 numpages = {10},
 url = {http://doi.acm.org/10.1145/2661829.2661933},
 doi = {10.1145/2661829.2661933},
 acmid = {2661933},
 publisher = {ACM},
 address = {New York, NY, USA},
 keywords = {diversification, knapsack problem, message passing},
} 


@online{pokemon_go,
	author = {{ Niantic, Inc}},
	title = {{Pokemon GO}},
	titleaddon = {[Pokemon GO]},
	url = {http://www.pokemongo.com/en-uk/},
	urldate = {27/10/2016}
}

@online{SpecTrek,
	author = {{ SpecTrek}},
	title = {{SpecTrekking}},
	titleaddon = {[SpecTrek]},
	url = {https://play.google.com/store/apps/details?id=com.spectrekking.full},
	urldate = {27/10/2016}
}

@online{ZombiesRun,
	author = {{ Zombies, Run!}},
	title = {{Zombies, Run!}},
	titleaddon = {[Zombies, Run!]},
	url = {https://play.google.com/store/apps/details?id=com.sixtostart.zombiesrunclient&hl=en_GB},
	urldate = {27/10/2016}
}

@online{Spore,
	author = {{ EA, Maxis}},
	title = {{Spore}},
	titleaddon = {[Spore]},
	url = {http://www.spore.com/},
	urldate = {28/10/2016}
}

@online{Blender,
	author = {{ Blender Foundation}},
	title = {{Blender}},
	titleaddon = {[Blender]},
	url = {https://www.blender.org/},
	urldate = {28/10/2016}
}

@inproceedings{Willmott:2007,
	author = {Willmott, Andrew},
	title = {Fast Object Distribution},
	booktitle = {ACM SIGGRAPH 2007 Sketches},
	series = {SIGGRAPH '07},
	year = {2007},
	isbn = {978-1-4503-4726-6},
	location = {San Diego, California},
	articleno = {80},
	url = {http://doi.acm.org/10.1145/1278780.1278877},
	doi = {10.1145/1278780.1278877},
	acmid = {1278877},
	publisher = {ACM},
	address = {New York, NY, USA},
} 

@online{Dirichlet2010,
	author = {Frigyik B, Kapila A, Gupta M},
	year = {2010},
	title = {Introduction to the Dirichlet Distribution and Related Processes},
	titleaddon = {[Online]},
	address = {Seattle, WA 98195},
	organization = {University of Washington},
	url = {http://mayagupta.org/publications/FrigyikKapilaGuptaIntroToDirichlet.pdf},
	urldate = {20/04/2016}
}

@online{GMUnity,
	author = {UnKnown Author.},
	year = {2012},
	title = {Google Maps for Unity},
	titleaddon = {[Online]},
	address = {San Francisco, California},
	organization = {Unity},
	url = {https://www.assetstore.unity3d.com/en/#!/content/3573},
	urldate = {27/10/2016}
}

@online{ARToolKit,
	author = {UnKnown Author.},
	year = {2016},
	title = {ARToolKit for Unity},
	titleaddon = {[Online]},
	address = {Washington State},
	organization = {ARToolworks},
	url = {https://artoolkit.org/documentation/doku.php?id=6_Unity:unity_about},
	urldate = {27/10/2016}
}

@online{google-maps,
	author = {Morgan B,McDonald M,...},
	year = {2016},
	title = {google-maps-services-java},
	titleaddon = {[Online]},
	url = {https://github.com/googlemaps/google-maps-services-java},
	urldate = {27/10/2016}
}

@online{TreeUnity,
	author = {UnKnown Author.},
	year = {2012},
	title = {Fallen Tree Barrier - Free},
	titleaddon = {[Online]},
	address = {San Francisco, California},
	organization = {Unity},
	url = {https://www.assetstore.unity3d.com/en/#!/content/49089},
	urldate = {27/10/2016}
}

@online{GPSACCURACY,
	author = {UnKnown Author.},
	year = {2016},
	title = {GPS Accuracy},
	titleaddon = {[Online]},
	address = {USA},
	organization = {US Goverment},
	url = {http://www.gps.gov/systems/gps/performance/accuracy/},
	urldate = {28/10/2016}
}



@online{GOOGLEMAPSPOPDEN,
	author = {UnKnown Author.},
	year = {2016},
	title = {Population Density},
	titleaddon = {[Online]},
	address = {California,USA},
	organization = {Google},
	url = {https://www.google.com/maps/d/viewer?mid=1XJpMoM2nIRaAsb-7OKCOVuUuFDA&hl=en},
	urldate = {28/10/2016}
}


@online{HTTPServer,
	author = {UnKnown Author.},
	year = {2016},
	title = {Class HttpServer},
	titleaddon = {[Online]},
	address = {California,USA},
	organization = {Oracle},
	url = {https://docs.oracle.com/javase/8/docs/jre/api/net/httpserver/spec/com/sun/net/httpserver/HttpServer.html
	},
	urldate = {28/10/2016}
}


@online{WWW,
	author = {UnKnown Author.},
	year = {2016},
	title = {WWW},
	titleaddon = {[Online]},
	address = {San Francisco, California},
	organization = {Unity},
	url = {https://docs.unity3d.com/ScriptReference/WWW.html},
	urldate = {28/10/2016}
}